% referencias Introducción
	@article{50years,
		author = {Andreopoulos, Alexander and Tsotsos, John},
		year = {2013},
		month = {08},
		pages = {827–891},
		title = {50 Years of object recognition: Directions forward},
		volume = {117},
		journal = {Computer Vision and Image Understanding},
		doi = {10.1016/j.cviu.2013.04.005},}
	
	@online{hitachi,
		author = {Hitachi Labs},
		title = {History (1961-1980)},
		date = {18/06/2020},
		url = {http://www.hitachi.com/corporate/about/history/1961.html},
		language = {English},}
	
	@INPROCEEDINGS{AIvehicle,
		author={C. {Wang} and W. {Miao} and J. {Zhao}},
		booktitle={2012 International Conference on Control Engineering and Communication Technology}, 
		title={Vision-Based Curvature Model for Artificial Intelligence in Vehicles}, 
		year={2012},
		volume={},
		number={},
		pages={245-248},}
	
	@INPROCEEDINGS{AIsecurity,
		author={{Yanhui Guo} and  {Cong Wang}},
		booktitle={Proceedings. 2005 IEEE Networking, Sensing and Control, 2005.}, 
		title={Autonomous decentralized network security system}, 
		year={2005},
		volume={},
		number={},
		pages={279-282},}
	
	@inproceedings{AIdrones,
		author = {Apvrille, Ludovic and Roudier, Yves and Tanzi, Tullio},
		year = {2015},
		month = {05},
		pages = {},
		title = {Autonomous Drones for Disasters Management: Safety and Security Verifications},
		doi = {10.1109/URSI-AT-RASC.2015.7303086}}
	
	@INPROCEEDINGS{ABB,
		author={R. {Casanelles} and R. {Pons} and  {Xiaolong Feng} and R. {Patel} and D. {Wäppling} and J. {Weström} and H. {Andersson}},
		booktitle={IEEE ISR 2013}, 
		title={Towards high performance robotic solutions in press automation - An ABB view}, 
		year={2013},
		volume={},
		number={},
		pages={1-3},}
	
	@ARTICLE{industry4,
		author={A. {Kattepur}},
		journal={IET Collaborative Intelligent Manufacturing}, 
		title={Workflow composition and analysis in Industry 4.0 warehouse automation}, 
		year={2019},
		volume={1},
		number={3},
		pages={78-89},}
	
	@thesis{TFGAna,
		author = {Berjón Valles, Ana},
		title = {Integración de un Sistema de Visión Artificial en la Mano de un Robot Industrial},
		type = {Trabajo de Final de Grado},
		institution = {ICAI},
		date = {01/07/2019},
		OPTlanguage = {Castellano}}

	@online{IRB120,
		author = {ABB},
		title = {IRB 120},
		urldate = {2020-06-18},
		url = {https://new.abb.com/products/robotics/es/robots-industriales/irb-120},}
	
	@online{RobotStudio,
		author = {ABB},
		title = {RobotStudio 2019.5},
		urldate = {2020-06-22},
		url = {https://new.abb.com/products/robotics/robotstudio/downloads},}

	@online{IntelD435,
		author = {Intel},
		title = {Realsense D435},
		urldate = {2020-06-18},
		url = {https://www.intelrealsense.com/depth-camera-d435/},}
		
	@online{Wrapper,
		author = {Intel},
		title = {MATLAB wrapper for Intel Realsense},
		urldate = {2020-06-22},
		url = {https://github.com/IntelRealSense/librealsense/tree/master/wrappers/matlab},}

	@electronic{szeliski,
		added-at = {2012-10-25T12:42:36.000+0200},
		address = {London; New York},
		author = {Szeliski, Richard},
		biburl = {https://www.bibsonomy.org/bibtex/2f58160db2b03916db911241ed09e2685/daill},
		description = {Computer Vision},
		interhash = {52bc88936329fd66b2af28d393532e40},
		intrahash = {f58160db2b03916db911241ed09e2685},
		isbn = {9781848829343 1848829345 9781848829350 1848829353},
		keywords = {computer vision},
		publisher = {Springer},
		refid = {682910466},
		timestamp = {2012-10-25T12:42:36.000+0200},
		title = {Computer vision algorithms and applications},
		url = {http://dx.doi.org/10.1007/978-1-84882-935-0},
		year = {2011},}

% referencias del Estado del arte
	@book{robotica,
		author = {Ollero Baturone, Anibal},
		title = {ROBOTICA. Manipuladores y Robots Móviles},
		date = {2005},
		editor = {S.A. MARCOMBO},
		language = {Castellano},
		isbn = {
		9788426713131},
		pagetotal = {464},}
	
	@article{SCADA,
		author = {Pérez-López, Esteban},
		year = {2015},
		month = {12},
		pages = {3-14},
		title = {Los sistemas SCADA en la automatización industrial},
		volume = {28},
		journal = {Revista Tecnología en Marcha},
		doi = {10.18845/tm.v28i4.2438}}

	@article{convolucion,
		author = {Giménez Palomares, Fernando and Serrá, Juan and Alemany, Elena},
		year = {2016},
		month = {01},
		pages = {97},
		title = {Aplicación de la convolución de matrices al filtrado de imágenes},
		volume = {9},
		journal = {Modelling in Science Education and Learning},
		doi = {10.4995/msel.2016.4524},}
	
	@ARTICLE{alfa,
		author={M. E. {Lee} and R. A. {Redner}},
		journal={IEEE Computer Graphics and Applications}, 
		title={A note on the use of nonlinear filtering in computer graphics}, 
		year={1990},
		volume={10},
		number={3},
		pages={23-29},}
	
	@INPROCEEDINGS{greyscale,
		author={I. {Ahmad} and I. {Moon} and S. J. {Shin}},
		booktitle={2018 International Conference on Electronics, Information, and Communication (ICEIC)}, 
		title={Color-to-grayscale algorithms effect on edge detection — A comparative study}, 
		year={2018},
		volume={},
		number={},
		pages={1-4},}
	
	@online{khan,
		author = {Khan Academy},
		title = {El gradiente},
		urldate = {2020-06-18},
		url = {https://es.khanacademy.org/math/multivariable-calculus/multivariable-derivatives/partial-derivative-and-gradient-articles/a/the-gradient},}
	
	@article{edgecomp,
		author = {Burnham, John and Hardy, Jonathan and Meadors, Kyle},
		year = {2020},
		month = {06},
		pages = {},
		title = {Comparison of the Roberts, Sobel, Robinson, Canny, and Hough Image Detection Algorithms},}
	
	@article{hough,
		author = {Duda, Richard O. and Hart, Peter E.},
		title = {Use of the Hough Transformation to Detect Lines and Curves in Pictures},
		year = {1972},
		issue_date = {Jan. 1972},
		publisher = {Association for Computing Machinery},
		address = {New York, NY, USA},
		volume = {15},
		number = {1},
		issn = {0001-0782},
		url = {https://doi.org/10.1145/361237.361242},
		doi = {10.1145/361237.361242},
		journal = {Commun. ACM},
		month = jan,
		pages = {11–15},
		numpages = {5},
		keywords = {point-line transformation, colinear points, picture processing, Hough transformation, pattern recognition, line detection, curve detection},}
	
	@article{hough2,
		author = {Illingworth, J. and Kittler, J.},
		title = {A Survey of the Hough Transform},
		year = {1988},
		issue_date = {Oct. 1988},
		publisher = {Academic Press Professional, Inc.},
		address = {USA},
		volume = {44},
		number = {1},
		issn = {0734-189X},
		url = {https://doi.org/10.1016/S0734-189X(88)80033-1},
		doi = {10.1016/S0734-189X(88)80033-1},
		journal = {Comput. Vision Graph. Image Process.},
		month = aug,
		pages = {87–116},
		numpages = {30},}
	
	@misc{amazon,
		title={Cartman: The low-cost Cartesian Manipulator that won the Amazon Robotics Challenge},
		author={D. Morrison and A. W. Tow and M. McTaggart and R. Smith and N. Kelly-Boxall and S. Wade-McCue and J. Erskine and R. Grinover and A. Gurman and T. Hunn and D. Lee and A. Milan and T. Pham and G. Rallos and A. Razjigaev and T. Rowntree and K. Vijay and Z. Zhuang and C. Lehnert and I. Reid and P. Corke and J. Leitner},
		year={2017},
		eprint={1709.06283},
		archivePrefix={arXiv},
		primaryClass={cs.RO},}

	@online{Rochester,
	author = {Analytics Vidhya},
	title = {Brief History of Neural Networks},
	year = {2019},
	url = {https://medium.com/analytics-vidhya/brief-history-of-neural-networks-44c2bf72eec},
	OPTdate = {2020/06/22},}
	
	@article{LeCun,
	author = {Lecun, Yann and Boser, Bernhard and Denker, John and Henderson, Don and Howard, R. and Hubbard, W.E. and Jackel, Larry},
	year = {1989},
	month = {12},
	pages = {541-551},
	title = {Backpropagation Applied to Handwritten Zip Code Recognition},
	volume = {1},
	journal = {Neural Computation},
	doi = {10.1162/neco.1989.1.4.541},}
	
	@misc{alom2018history,
    title={The History Began from AlexNet: A Comprehensive Survey on Deep Learning Approaches},
    author={Md Zahangir Alom and Tarek M. Taha and Christopher Yakopcic and Stefan Westberg and Paheding Sidike and Mst Shamima Nasrin and Brian C Van Esesn and Abdul A S. Awwal and Vijayan K. Asari},
    year={2018},
    eprint={1803.01164},
    archivePrefix={arXiv},
    primaryClass={cs.CV},}
	
	@article{AlexNet,
	author = {Krizhevsky, Alex and Sutskever, Ilya and Hinton, Geoffrey E.},
	title = {ImageNet Classification with Deep Convolutional Neural Networks},
	year = {2017},
	issue_date = {June 2017},
	publisher = {Association for Computing Machinery},
	address = {New York, NY, USA},
	volume = {60},
	number = {6},
	issn = {0001-0782},
	url = {https://doi.org/10.1145/3065386},
	doi = {10.1145/3065386},
	journal = {Commun. ACM},
	month = may,
	pages = {84–90},
	numpages = {7},}
	
% Referencias Clasificadores por redes neuronales

	@online{IntelDataset,
	author = {Intel},
	title = {Intel image classification},
	urldate = {2020-06-29},
	url = {https://www.kaggle.com/puneet6060/intel-image-classification/version/2},}
	
	@online{LEGODataset,
	author = {Joost Hazelzet},
	title = {Images of LEGO brics},
	urldate = {2020-06-29},
	url = {https://www.kaggle.com/joosthazelzet/lego-brick-images},}
		
	@online{LEGODataset2,
	author = {Francisco Garcia},
	title = {Lego Brick Sorting - Image Recognition},
	urldate = {2020-06-29},
	url = {https://www.kaggle.com/pacogarciam3/lego-brick-sorting-image-recognition},}
	
	@misc{VGG16,
    title={Very Deep Convolutional Networks for Large-Scale Image Recognition},
    author={Karen Simonyan and Andrew Zisserman},
    year={2014},
    eprint={1409.1556},
    archivePrefix={arXiv},
    primaryClass={cs.CV},}
    
    @article{ReLu,
 	 author    = {Abien Fred Agarap},
	  title     = {Deep Learning using Rectified Linear Units (ReLU)},	
	  journal   = {CoRR},
	  volume    = {abs/1803.08375},
	  year      = {2018},
	  url       = {http://arxiv.org/abs/1803.08375},
	  archivePrefix = {arXiv},
	  eprint    = {1803.08375},
	  timestamp = {Mon, 13 Aug 2018 16:47:13 +0200},
	  biburl    = {https://dblp.org/rec/journals/corr/abs-1803-08375.bib},
	  bibsource = {dblp computer science bibliography, https://dblp.org},}
	  
% Referencias Segmentación por redes neuronales

	@misc{RCNN,
    title={Rich feature hierarchies for accurate object detection and semantic segmentation},
    author={Ross Girshick and Jeff Donahue and Trevor Darrell and Jitendra Malik},
    year={2013},
    eprint={1311.2524},
    archivePrefix={arXiv},
    primaryClass={cs.CV},}
    
    @online{Review_RCNN,
	author = {Sik Ho Tsang},
	title = {Review R-CNN (Object Detection)},
	urldate = {2020-07-02},
	url = {https://medium.com/coinmonks/review-r-cnn-object-detection-b476aba290d1},}
	
	@online{Comparativa_RCNN,
	author = {Rohith Gandhi},
	title = {R-CNN, Fast R-CNN, Faster R-CNN, YOLO — Object Detection Algorithms},
	urldate = {2020-07-04},
	url = {https://towardsdatascience.com/r-cnn-fast-r-cnn-faster-r-cnn-yolo-object-detection-algorithms-36d53571365e},}
	
	@misc{Fast_RCNN,
    title={Fast R-CNN},
    author={Ross Girshick},
    year={2015},
    eprint={1504.08083},
    archivePrefix={arXiv},
    primaryClass={cs.CV}}
	
	@misc{Faster_RCNN,
    title={Faster R-CNN: Towards Real-Time Object Detection with Region Proposal Networks},
    author={Shaoqing Ren and Kaiming He and Ross Girshick and Jian Sun},
    year={2015},
    eprint={1506.01497},
    archivePrefix={arXiv},
    primaryClass={cs.CV}}
    
    @misc{YOLO,
    title={You Only Look Once: Unified, Real-Time Object Detection},
    author={Joseph Redmon and Santosh Divvala and Ross Girshick and Ali Farhadi},
    year={2015},
    eprint={1506.02640},
    archivePrefix={arXiv},
    primaryClass={cs.CV}}